@book{Boyd_Vandenberghe_2004, 
place={Cambridge}, 
title={Convex Optimization}, 
publisher={Cambridge University Press}, 
author={Boyd, Stephen and Vandenberghe, Lieven}, 
year={2004}}

@book{goodfellow2016deep,
title={Deep learning},
author={Goodfellow, Ian and Bengio, Yoshua and Courville, Aaron and Bengio, Yoshua},
volume={1},
year={2016},
publisher={MIT Press}}